@article{Burrell2022a,
abstract = {We report on a recent enumeration of the groups of order $3^9$ which shows that there are $5,937,876,645$ groups of this order.},
author = {Burrell, David},
file = {:home/david/Dropbox (UFL)/Mendeley/Burrell/Preprint/Burrell - 2022 - On The Number of Groups of Order $39$.pdf:pdf},
journal = {Preprint},
keywords = {enumeration,p-group generation algorithm,p-groups,small groups},
pages = {1--5},
title = {{On The Number of Groups of Order $3^9$}},
year = {2022}
}
@article{Eick1999a,
abstract = {We present a new algorithm which uses a cohomological approach to determine the groups of order p", where p is a prime. We develop two methods to enumerate p-groups using the Cauchy-Frobenius Lemma. As an application we show that there are 10494213 groups of order 29.},
author = {Eick, Bettina and O'Brien, E A},
doi = {10.1017/S1446788700001166},
file = {:home/david/Dropbox (UFL)/Mendeley/Eick, O'Brien/Journal of the Australian Mathematical Society. Series A. Pure Mathematics and Statistics/Eick, O'Brien - 1999 - Enumerating p -Groups.pdf:pdf},
issn = {0263-6115},
journal = {Journal of the Australian Mathematical Society. Series A. Pure Mathematics and Statistics},
month = {dec},
number = {2},
pages = {191--205},
title = {{Enumerating p -Groups}},
url = {https://www.cambridge.org/core/product/identifier/S1446788700001166/type/journal_article},
volume = {67},
year = {1999}
}
@misc{Gamble2019a,
author = {Gamble, G and Nickel, W and O'Brien, E and Horn, M},
edition = {3.2.1},
title = {{ANU p-Quotient}},
url = {https://gap-packages.github.io/anupq/},
year = {2019}
}
@article{OBrien1990a,
abstract = {The theory and implementation of an algorithm used in generating descriptions of p-groups aredescribed. Some applications and details of the performance of the algorithm are provided.},
author = {O'Brien, E A},
doi = {10.1016/S0747-7171(08)80082-X},
file = {:home/david/Dropbox (UFL)/Mendeley/O'Brien/Journal of Symbolic Computation/O'Brien - 1990 - The p-group generation algorithm.pdf:pdf},
issn = {0747-7171},
journal = {Journal of Symbolic Computation},
month = {oct},
number = {5},
pages = {677--698},
title = {{The p-group generation algorithm}},
url = {http://www.sciencedirect.com/science/article/pii/S074771710880082X},
volume = {9},
year = {1990}
}
@article{Burrell2021a,
abstract = {We report on a recent enumeration of groups of order (Formula presented.) which shows that there are Length groups of this order.},
author = {Burrell, David},
doi = {10.1080/00927872.2021.2006680},
file = {:home/david/Dropbox (UFL)/Mendeley/Burrell/Communications in Algebra/Burrell - 2021 - On The Number of Groups of Order $1024$.pdf:pdf},
issn = {15324125},
journal = {Communications in Algebra},
keywords = {enumeration,p-group generation algorithm,p-groups,small groups},
number = {0},
pages = {1--3},
publisher = {Taylor & Francis},
title = {{On The Number of Groups of Order $1024$}},
url = {https://doi.org/10.1080/00927872.2021.2006680},
volume = {0},
year = {2021}
}
