



@article{ Burrell2022a,
  author =           {Burrell, D.},
  title =            {{On The Number of Groups of Order $3^9$}},
  journal =          {Preprint},
  year =             {2022},
  pages =            {1--5},
  keywords =         {enumeration,p-group generation algorithm,p-groups,small groups},
  abstract =         {We   report   on  a  recent  enumeration  of  the  groups  of  order
                      \$3\texttt{\symbol{94}}9\$    which    shows    that    there    are
                      \$5,937,876,645\$ groups of this order.},
  file =             {:home/david/Dropbox (UFL)/Mendeley/Burrell/Preprint/Burrell - 2022 -
                      On The Number of Groups of Order \$39\$.pdf:pdf},
  printedkey =       {Bur22}
}
@article{ Eick1999a,
  author =           {Eick, B. and O'Brien, E. A.},
  title =            {{Enumerating p -Groups}},
  journal =          {Journal  of  the  Australian  Mathematical  Society.  Series A. Pure
                      Mathematics and Statistics},
  month =            {dec},
  volume =           {67},
  number =           {2},
  year =             {1999},
  pages =            {191--205},
  issn =             {0263-6115},
  url =              {https://www.cambridge.org/core/product/identifier/S1446788700001166/type/journal{\textunderscore}article},
  abstract =         {We  present  a  new algorithm which uses a cohomological approach to
                      determine the groups of order p", where p is a prime. We develop two
                      methods  to  enumerate p-groups using the Cauchy-Frobenius Lemma. As
                      an application we show that there are 10494213 groups of order 29.},
  doi =              {10.1017/S1446788700001166},
  file =             {:home/david/Dropbox   (UFL)/Mendeley/Eick,  O'Brien/Journal  of  the
                      Australian  Mathematical  Society.  Series  A.  Pure Mathematics and
                      Statistics/Eick, O'Brien - 1999 - Enumerating p -Groups.pdf:pdf},
  printedkey =       {EO99}
}
@misc{ Gamble2019a,
  author =           {Gamble, G. and Nickel, W. and O'Brien, E. and Horn, M.},
  title =            {{ANU p-Quotient}},
  edition =          {3.2.1},
  year =             {2019},
  url =              {https://gap-packages.github.io/anupq/},
  printedkey =       {GNOH19}
}
@article{ OBrien1990a,
  author =           {O'Brien, E. A.},
  title =            {{The p-group generation algorithm}},
  journal =          {Journal of Symbolic Computation},
  month =            {oct},
  volume =           {9},
  number =           {5},
  year =             {1990},
  pages =            {677--698},
  issn =             {0747-7171},
  url =              {http://www.sciencedirect.com/science/article/pii/S074771710880082X},
  abstract =         {The  theory  and  implementation  of an algorithm used in generating
                      descriptions of p-groups aredescribed. Some applications and details
                      of the performance of the algorithm are provided.},
  doi =              {10.1016/S0747-7171(08)80082-X},
  file =             {:home/david/Dropbox   (UFL)/Mendeley/O'Brien/Journal   of   Symbolic
                      Computation/O'Brien    -    1990    -    The    p-group   generation
                      algorithm.pdf:pdf},
  printedkey =       {O'B90}
}
@article{ Burrell2021a,
  author =           {Burrell, D.},
  title =            {{On The Number of Groups of Order $1024$}},
  journal =          {Communications in Algebra},
  publisher =        {Taylor \& Francis},
  volume =           {0},
  number =           {0},
  year =             {2021},
  pages =            {1--3},
  issn =             {15324125},
  url =              {https://doi.org/10.1080/00927872.2021.2006680},
  keywords =         {enumeration,p-group generation algorithm,p-groups,small groups},
  abstract =         {We  report  on  a  recent  enumeration  of  groups of order (Formula
                      presented.) which shows that there are Length groups of this order.},
  doi =              {10.1080/00927872.2021.2006680},
  file =             {:home/david/Dropbox     (UFL)/Mendeley/Burrell/Communications     in
                      Algebra/Burrell   -  2021  -  On  The  Number  of  Groups  of  Order
                      \$1024\$.pdf:pdf},
  printedkey =       {Bur21}
}
